<?xml version="1.0" encoding="UTF-8"?><collection xmlns="http://www.loc.gov/MARC21/slim"><record><leader>00379nam--2200133-i-4500</leader><controlfield tag="001">000041995</controlfield><controlfield tag="002">20161230</controlfield><controlfield tag="005">20161230201043</controlfield><controlfield tag="008">060222s1000------------r-----000-0-eng-d</controlfield><datafield ind1=" " ind2=" " tag="080"><subfield code="a">621.38</subfield></datafield><datafield ind1=" " ind2=" " tag="100"><subfield code="a">Smith,Ralph J</subfield></datafield><datafield ind1=" " ind2=" " tag="245"><subfield code="a">Circuits,devices and systems. a first course in electrical engineering</subfield></datafield><datafield ind1=" " ind2=" " tag="260"><subfield code="a">New York, John Wiley &amp; Sons.Inc.,1971. Xiii + 743 P</subfield></datafield><datafield ind1=" " ind2=" " tag="852"><subfield code="a">35953</subfield></datafield></record></collection>